@article{bitcoin,
  title={Bitcoin: A peer-to-peer electronic cash system},
  author={Nakamoto, Satoshi},
  year={2008}
}

@misc{lightning,
  title={The bitcoin lightning network: Scalable off-chain instant payments},
  author={Poon, Joseph and Dryja, Thaddeus},
  year={2015},
  publisher={Technical Report (draft). https://lightning. network}
}

@article{scale,
  title={Scaling Factories Paper}
}


@article{ethereum,
  title={Ethereum: A secure decentralised generalised transaction ledger},
  author={Wood, Gavin},
  journal={Ethereum Project Yellow Paper},
  volume={151},
  year={2014}
}

@misc{raiden,
  title={Raiden Network},
  url={http://raiden.network/},
  howpublished={http://raiden.network/},
  journal={Raiden Network},
  publisher={Brainbot Technologies AG}
}

@article{sprites,
  title={Sprites: Payment Channels that Go Faster than Lightning},
  author={Miller, Andrew and Bentov, Iddo and Kumaresan, Ranjit and McCorry, Patrick},
  journal={arXiv preprint arXiv:1702.05812},
  year={2017}
}